@misc{Pollock2023RobustObjects,
      title={Robust propagation-based phase retrieval for CT in proximity to highly attenuating objects}, 
      author={J. A. Pollock and L. C. P. Croton and K. S. Morgan and K. J. Crossley and M. J. Wallace and G. A. Buckley and S. B. Hooper and M. J. Kitchen},
      year={2023},
      eprint={2301.12647},
      archivePrefix={arXiv},
      primaryClass={physics.med-ph}
}